@misc{2017-Guide-to-RF-cal,
  author =      {Dang Ha The Hien},
  title =       {A guide to receptive field arithmetic for Convolutional Neural Networks},
  urldate  =    {2017-4-6},
  year = 2017,
  url =         {https://bit.ly/2MLtWQ6},
}

@inproceedings{2016-Youtube-DNN,
author = {Covington, Paul and Adams, Jay and Sargin, Emre},
title = {Deep Neural Networks for YouTube Recommendations},
year = {2016},
isbn = {9781450340359},
publisher = {Association for Computing Machinery},
address = {New York, NY, USA},
url = {https://doi.org/10.1145/2959100.2959190},
doi = {10.1145/2959100.2959190},
booktitle = {Proceedings of the 10th ACM Conference on Recommender Systems},
pages = {191--198},
numpages = {8},
keywords = {deep learning, recommender system, scalability},
location = {Boston, Massachusetts, USA},
series = {RecSys '16}
}

@incollection{2012-AlexNet,
  title = {ImageNet Classification with Deep Convolutional Neural Networks},
  author = {Alex Krizhevsky and Sutskever, Ilya and Hinton, Geoffrey E},
  booktitle = {Advances in Neural Information Processing Systems 25},
  pages = {1097--1105},
  year = {2012},
  publisher = {Curran Associates, Inc.},
  address ={USA},
  url = {http://papers.nips.cc/paper/4824-imagenet-classification-with-deep-convolutional-neural-networks.pdf}
}

@article{2016-Guide-Conv,
  author = {Dumoulin, Vincent and Visin, Francesco},
  title = {A Guide to Convolution Arithmetic for Deep Learning},
  journal = {arXiv},
  volume = {\emph{arXiv: 1603.07285}},
  year = {2016},
}
